%% biblatex bibliography
@PhdThesis{Houllier-thesis,
  author = {Thomas, Houllier},
  school = {Univ Jean Monnet -- Saint-Etienne},
  title  = {Freeform imaging optical systems},
  year   = {2021},
  month  = mar,
  type   = {phdthesis},
  doi    = {http://dx.doi.org/10.13140/RG.2.2.12722.27841}}

@Article{Zheng2010,
  author     = {Nan Zheng and Nathan Hagen and David J. Brady},
  journal    = {Journal of the Optical Society of America A},
  title      = {Analytic-domain lens design with proximate ray tracing},
  year       = {2010},
  month      = {jul},
  number     = {8},
  pages      = {1791},
  volume     = {27},
  doi        = {10.1364/josaa.27.001791},
  publisher  = {The Optical Society}}
